<record><leader>00000cas a22000007a 4500</leader><controlfield tag="001">14218481</controlfield><controlfield tag="008">860915d18451845mauwr ne      0    0eng  </controlfield><controlfield tag="009">466</controlfield><datafield ind1=" " ind2=" " tag="010"><subfield code="a">sn 86071923 </subfield></datafield><datafield ind1=" " ind2=" " tag="040"><subfield code="a">DLC</subfield><subfield code="b">eng</subfield><subfield code="c">DLC</subfield></datafield><datafield ind1="1" ind2=" " tag="029"><subfield code="a">AU@</subfield><subfield code="b">000025794547</subfield></datafield><datafield ind1=" " ind2=" " tag="042"><subfield code="a">msc</subfield></datafield><datafield ind1="0" ind2="0" tag="050"><subfield code="a">Newspaper 8386</subfield></datafield><datafield ind1="0" ind2="0" tag="245"><subfield code="a">Worcester and Middlesex gazette.</subfield></datafield><datafield ind1=" " ind2=" " tag="260"><subfield code="a">Worcester, Mass. :</subfield><subfield code="b">R.B. Hubbard,</subfield><subfield code="c">1845.</subfield></datafield><datafield ind1=" " ind2=" " tag="300"><subfield code="a">1 v. ;</subfield><subfield code="c">57 cm.</subfield></datafield><datafield ind1=" " ind2=" " tag="310"><subfield code="a">Weekly</subfield></datafield><datafield ind1="0" ind2=" " tag="362"><subfield code="a">Vol. 1, no. 12 (Mar. 12, 1845).</subfield></datafield><datafield ind1=" " ind2=" " tag="500"><subfield code="a">Published simultaneously at Lowell, Mass.</subfield></datafield><datafield ind1=" " ind2=" " tag="500"><subfield code="a">Published on Wednesday.</subfield></datafield><datafield ind1=" " ind2=" " tag="752"><subfield code="a">United States</subfield><subfield code="b">Massachusetts</subfield><subfield code="c">Worcester</subfield><subfield code="d">Worcester.</subfield></datafield><datafield ind1=" " ind2=" " tag="752"><subfield code="a">United States</subfield><subfield code="b">Massachusetts</subfield><subfield code="c">Middlesex</subfield><subfield code="d">Lowell.</subfield></datafield><datafield ind1="0" ind2="4" tag="780"><subfield code="t">Middlesex standard</subfield><subfield code="w">(DLC)sn 83020215</subfield></datafield><datafield ind1="0" ind2="4" tag="780"><subfield code="t">Worcester County gazette (Worcester, Mass. : Jan. 1845)</subfield><subfield code="w">(DLC)sn 83020377</subfield></datafield><datafield ind1="0" ind2="0" tag="785"><subfield code="t">Worcester County gazette and Middlesex standard</subfield><subfield code="w">(DLC)sn 83020378</subfield></datafield></record>